<record><leader>00000cas a2200000 a 4500</leader><controlfield tag="001">11462923</controlfield><controlfield tag="008">841206d18441846txuwr ne      0   a0eng d</controlfield><controlfield tag="009">606</controlfield><datafield ind1=" " ind2=" " tag="010"><subfield code="a">sn 86088212 </subfield></datafield><datafield ind1=" " ind2=" " tag="040"><subfield code="a">TXR</subfield><subfield code="b">eng</subfield><subfield code="c">TXR</subfield><subfield code="d">PPM</subfield><subfield code="d">OCL</subfield></datafield><datafield ind1=" " ind2=" " tag="042"><subfield code="a">msc</subfield></datafield><datafield ind1="0" ind2="0" tag="245"><subfield code="a">Texas national register.</subfield></datafield><datafield ind1=" " ind2=" " tag="260"><subfield code="a">Washington, Tex. :</subfield><subfield code="b">Miller &amp; Cushney,</subfield><subfield code="c">1844-1846.</subfield></datafield><datafield ind1=" " ind2=" " tag="300"><subfield code="a">1 v. ;</subfield><subfield code="c">44 cm.</subfield></datafield><datafield ind1=" " ind2=" " tag="310"><subfield code="a">Weekly</subfield></datafield><datafield ind1="0" ind2=" " tag="362"><subfield code="a">Vol. 1, no. 1 (Dec. 7, 1844)-v. 1, no.53 (Jan. 10, 1846).</subfield></datafield><datafield ind1=" " ind2=" " tag="500"><subfield code="a">Published by Ford &amp; Cronican, Nov. 15, 1845-Jan. 10, 1846 in Austin, Texas.</subfield></datafield><datafield ind1=" " ind2=" " tag="515"><subfield code="a">Suspended between Oct. 9 and Nov. 15, 1845.</subfield></datafield><datafield ind1=" " ind2=" " tag="752"><subfield code="a">United States</subfield><subfield code="b">Texas</subfield><subfield code="c">Washington</subfield><subfield code="d">Washington.</subfield></datafield><datafield ind1=" " ind2=" " tag="752"><subfield code="a">United States</subfield><subfield code="b">Texas</subfield><subfield code="c">Travis</subfield><subfield code="d">Austin.</subfield></datafield><datafield ind1="0" ind2="0" tag="785"><subfield code="t">Texas Democrat</subfield><subfield code="w">(OCoLC)12793343</subfield></datafield></record>